@misc{cfSynFlood, url={https://www.cloudflare.com/learning/ddos/syn-flood-ddos-attack/}, journal={SYN Flood Attack}, publisher={CloudFlare Inc}, year={2020}}
@misc{cfIcmpFlood, url={https://www.cloudflare.com/learning/ddos/ping-icmp-flood-ddos-attack/}, journal={Ping (ICMP) Flood DDoS Attack}, publisher={CloudFlare Inc}, year={2020}}
@misc{nsnam_20AD, url={https://www.nsnam.org/}, journal={ns-3}, publisher={nsnam}, author={Nsnam}, year={20AD}}
@misc{cooja_2019, title={An Introduction to Cooja}, url={https://github.com/contiki-os/contiki/wiki/An-Introduction-to-Cooja}, journal={Contiki}, author={Thébaudeau, Benoît}, year={2019}, month={Sep}}
@misc{mininet_2018, url={http://mininet.org/}, journal={Mininet}, publisher={Mininet Team}, year={2018}}
@misc{mnov_2018, title={Mininet Overview}, url={http://mininet.org/overview/}, journal={Mininet}, publisher={Mininet Team}, year={2018}}
@misc{mininetWS, title={Mininet Walkthrough}, url={http://mininet.org/walkthrough/}, journal={Mininet}, author={Team, Mininet}}
