@misc{ubuntuSecureBoot, title={Secure Boot}, url={https://wiki.ubuntu.com/UEFI/SecureBoot}, journal={Ubuntu Wiki}}
@article{uefiSecureBoot, url={https://www.uefi.org/sites/default/files/resources/UEFI_Secure_Boot_in_Modern_Computer_Security_Solutions_2013.pdf}, journal={UEFI Secure Boot in Modern Computer Security Solutions}, author={Wilkins, Richard and Richardson, Brian}}
@misc{hoffman_2017, title={How Secure Boot Works on Windows 8 and 10, and What It Means for Linux}, url={https://www.howtogeek.com/116569/htg-explains-how-windows-8s-secure-boot-feature-works-what-it-means-for-linux/}, journal={How}, publisher={How-To Geek}, author={Hoffman, Chris}, year={2017}, month={Jul}}
@misc{juullabs-oss, title={JuulLabs-OSS/mcuboot}, url={https://github.com/JuulLabs-OSS/mcuboot}, journal={mcuboot}, author={JuulLabs-OSS}}
@misc{iotSecurityFoundation, title={Device Secure Boot}, url={https://www.iotsecurityfoundation.org/best-practice-guide-articles/device-secure-boot/}, journal={IoT Security Foundation}, author={IoT Security Foundation}}
@article{neshenko_2019, title={Demystifying IoT Security: An Exhaustive Survey on IoT Vulnerabilities and a First Empirical Look on Internet-Scale IoT Exploitations}, volume={21}, DOI={10.1109/comst.2019.2910750}, number={3}, journal={IEEE Communications Surveys &amp; Tutorials}, author={Neshenko, Nataliia and Bou-Harb, Elias and Crichigno, Jorge and Kaddoum, Georges and Ghani, Nasir}, year={2019}, pages={2702â€“2733}}
